<record><leader>00000cas a22000007a 4500</leader><controlfield tag="001">13119000</controlfield><controlfield tag="008">860207d19761978wvudr ne      0    0eng d</controlfield><datafield ind1=" " ind2=" " tag="010"><subfield code="a">sn 86092156 </subfield></datafield><datafield ind1=" " ind2=" " tag="040"><subfield code="a">WVC</subfield><subfield code="b">eng</subfield><subfield code="c">WVC</subfield><subfield code="d">OCL</subfield><subfield code="d">NVK</subfield><subfield code="d">OCLCQ</subfield></datafield><datafield ind1=" " ind2=" " tag="042"><subfield code="a">msc</subfield></datafield><datafield ind1="0" ind2=" " tag="130"><subfield code="a">Morning reporter (Morgantown, W. Va.)</subfield></datafield><datafield ind1="1" ind2="4" tag="245"><subfield code="a">The morning reporter.</subfield></datafield><datafield ind1=" " ind2=" " tag="260"><subfield code="a">Morgantown, W. Va. :</subfield><subfield code="b">West Virginia Newspaper Publ. Co.,</subfield><subfield code="c">1976-1978.</subfield></datafield><datafield ind1=" " ind2=" " tag="300"><subfield code="a">v.</subfield></datafield><datafield ind1=" " ind2=" " tag="310"><subfield code="a">Daily (except Sunday &amp; Monday)</subfield></datafield><datafield ind1="0" ind2=" " tag="362"><subfield code="a">Vol. 1, no. 1 (Oct. 5, 1976)-v. 3, no. 46 (Dec. 9, 1978).</subfield></datafield><datafield ind1=" " ind2=" " tag="580"><subfield code="a">Issued also in an evening edition entitled: Dominion post (Morgantown, W. Va. : Evening).</subfield></datafield><datafield ind1=" " ind2=" " tag="580"><subfield code="a">Absorbed in 1978 by: Dominion post (Morgantown, W. Va. : Evening).</subfield></datafield><datafield ind1=" " ind2=" " tag="752"><subfield code="a">United States</subfield><subfield code="b">West Virginia</subfield><subfield code="c">Monongalia</subfield><subfield code="d">Morgantown.</subfield></datafield><datafield ind1="1" ind2=" " tag="775"><subfield code="t">Dominion post (Morgantown, W. Va. : Evening)</subfield><subfield code="w">(DLC)sn 86092154</subfield></datafield><datafield ind1="0" ind2="0" tag="780"><subfield code="t">Dominion post (Morgantown, W. Va. : Morning)</subfield><subfield code="w">(DLC)sn 86092155</subfield></datafield><datafield ind1="0" ind2="4" tag="785"><subfield code="t">Dominion post (Morgantown, W. Va. : Evening)</subfield><subfield code="w">(DLC)sn 86092154</subfield></datafield><datafield ind1="1" ind2=" " tag="029"><subfield code="a">AU@</subfield><subfield code="b">000020128493</subfield></datafield></record>